<?xml version="1.0" encoding="UTF-8"?><record xmlns="http://www.loc.gov/MARC21/slim" xmlns:cinclude="http://apache.org/cocoon/include/1.0" xmlns:zs="http://www.loc.gov/zing/srw/">
  <leader>01682cz  a2200289n  4500</leader>
  <controlfield tag="001">nr2001026117</controlfield>
  <controlfield tag="003">DLC</controlfield>
  <controlfield tag="005">20141209073759.0</controlfield>
  <controlfield tag="008">010703n| azannaabn          |a aaa     c</controlfield>
  <datafield tag="010" ind1=" " ind2=" ">
    <subfield code="a">nr2001026117</subfield>
    <subfield code="z">no 91028007 </subfield>
  </datafield>
  <datafield tag="035" ind1=" " ind2=" ">
    <subfield code="a">(OCoLC)oca05528089</subfield>
  </datafield>
  <datafield tag="040" ind1=" " ind2=" ">
    <subfield code="a">CSt</subfield>
    <subfield code="b">eng</subfield>
    <subfield code="e">rda</subfield>
    <subfield code="c">CSt</subfield>
    <subfield code="d">TxU</subfield>
    <subfield code="d">DLC</subfield>
    <subfield code="d">UPB</subfield>
  </datafield>
  <datafield tag="053" ind1=" " ind2="0">
    <subfield code="a">PQ8498.425.R54</subfield>
  </datafield>
  <datafield tag="100" ind1="1" ind2=" ">
    <subfield code="a">Orihuela, Carlos L.</subfield>
  </datafield>
  <datafield tag="370" ind1=" " ind2=" ">
    <subfield code="a">Tarma (JuniĚn, Peru)</subfield>
    <subfield code="2">naf</subfield>
  </datafield>
  <datafield tag="372" ind1=" " ind2=" ">
    <subfield code="a">Latin American literature</subfield>
    <subfield code="a">Photography</subfield>
    <subfield code="a">Painting</subfield>
    <subfield code="a">Criticism</subfield>
    <subfield code="2">lcsh</subfield>
  </datafield>
  <datafield tag="373" ind1=" " ind2=" ">
    <subfield code="a">University of Alabama at Birmingham</subfield>
    <subfield code="2">naf</subfield>
  </datafield>
  <datafield tag="374" ind1=" " ind2=" ">
    <subfield code="a">College teachers</subfield>
    <subfield code="a">Authors, Peruvian</subfield>
    <subfield code="a">Critics</subfield>
    <subfield code="2">lcsh</subfield>
  </datafield>
  <datafield tag="375" ind1=" " ind2=" ">
    <subfield code="a">male</subfield>
  </datafield>
  <datafield tag="377" ind1=" " ind2=" ">
    <subfield code="a">spa</subfield>
  </datafield>
  <datafield tag="378" ind1=" " ind2=" ">
    <subfield code="q">Carlos L. Orihuela E.</subfield>
  </datafield>
  <datafield tag="400" ind1="1" ind2=" ">
    <subfield code="w">nne</subfield>
    <subfield code="a">Orihuela E., Carlos</subfield>
  </datafield>
  <datafield tag="400" ind1="1" ind2=" ">
    <subfield code="a">Orihuela, Carlos</subfield>
  </datafield>
  <datafield tag="670" ind1=" " ind2=" ">
    <subfield code="a">His Abordar la bestia, 1986:</subfield>
    <subfield code="b">t.p. (Carlos Orihuela E.) p. 4 of cover (Carlos Orihuela)</subfield>
  </datafield>
  <datafield tag="670" ind1=" " ind2=" ">
    <subfield code="a">Nube gris, c2001:</subfield>
    <subfield code="b">t.p. (Carlos L. Orihuela) front cover flap (currently professor at University of Alabama, Birmingham; poet, author, literary critic)</subfield>
  </datafield>
  <datafield tag="670" ind1=" " ind2=" ">
    <subfield code="a">Valle de entonces, 2012:</subfield>
    <subfield code="b">t.p. (Carlos L. Orihuela) p. 4 of cover, etc. (born Tarma, Peru; Associate Professor at the University of Alabama-Birmingham; practices painting and photography; poet, narrator, literary critic and college professor)</subfield>
  </datafield>
  <datafield tag="670" ind1=" " ind2=" ">
    <subfield code="a">UAB College of Arts and Sciences WWW site, Aug. 13, 2013</subfield>
    <subfield code="b">(Carlos Orihuela; Professor of Spanish at the Department of Foreign Languages at UAB; BA from Universidad Nacional Mayor de San Marcos at Lima-Peru; masters and doctorate at the University of Pittsburgh; specializes in Latin American literature; his publications include the collections of poetry: Nube gris and Abordar la bestia)</subfield>
  </datafield>
</record>